% --------------------
% --- USED ENTRIES ---
% --------------------

% --- ARTICLE ---

@article{atricle_dean_tail,
	title={The tail at scale},
	author={Dean, Jeffrey and Barroso, Luiz Andr{\'e}},
	journal={Communications of the ACM},
	volume={56},
	number={2},
	pages={74--80},
	year={2013},
	publisher={ACM New York, NY, USA}
}

@article{article_schad_cloud_var,
	author = {Schad, J\"{o}rg and Dittrich, Jens and Quian\'{e}-Ruiz, Jorge-Arnulfo},
	title = {Runtime measurements in the cloud: observing, analyzing, and reducing variance},
	year = {2010},
	issue_date = {September 2010},
	publisher = {VLDB Endowment},
	volume = {3},
	number = {1–2},
	issn = {2150-8097},
	url = {https://doi.org/10.14778/1920841.1920902},
	doi = {10.14778/1920841.1920902},
	journal = {Proc. VLDB Endow.},
	month = sep,
	pages = {460–471},
	numpages = {12}
}

@article{article_eismann_lambda_var,
	title = {A case study on the stability of performance tests for serverless applications},
	journal = {Journal of Systems and Software},
	volume = {189},
	pages = {111294},
	year = {2022},
	issn = {0164-1212},
	doi = {https://doi.org/10.1016/j.jss.2022.111294},
	url = {https://www.sciencedirect.com/science/article/pii/S0164121222000498},
	author = {Simon Eismann and Diego Elias Costa and Lizhi Liao and Cor-Paul Bezemer and Weiyi Shang and André {van Hoorn} and Samuel Kounev},
	keywords = {Serverless, FaaS, Function-as-a-Service, Performance, Stability, Reproducibility},
}

@article{article_dancheva_ec2_var,
	title={Cloud benchmarking and performance analysis of an HPC application in Amazon EC2},
	author={Dancheva, Tamara and Alonso, Unai and Barton, Michael},
	journal={Cluster Computing},
	volume={27},
	number={2},
	pages={2273--2290},
	year={2024},
	publisher={Springer}
}

@article{article_desensi_noise,
	author = {De Sensi, Daniele and De Matteis, Tiziano and Taranov, Konstantin and Di Girolamo, Salvatore and Rahn, Tobias and Hoefler, Torsten},
	title = {Noise in the Clouds: Influence of Network Performance Variability on Application Scalability},
	year = {2022},
	issue_date = {December 2022},
	publisher = {Association for Computing Machinery},
	address = {New York, NY, USA},
	volume = {6},
	number = {3},
	url = {https://doi.org/10.1145/3570609},
	doi = {10.1145/3570609},
	journal = {Proc. ACM Meas. Anal. Comput. Syst.},
	month = dec,
	articleno = {49},
	numpages = {27},
	keywords = {scalability, network noise, hpc, cloud}
}


% --- BOOK ---

@book{book_bermbach_cloud_service_benchmarking,
    author = "Bermbach, David and Wittern, Erik and Tai, Stefan",
    title = "Cloud Service Benchmarking: Measuring Quality of Cloud Services from a Client Perspective",
    year = 2017,
    isbn = "978-3-319-85672-8",
    publisher = "Springer",
    address = "Cham, Switzerland",
    editor = MISSING
}

@book{book_han_data_mining,
	title={Data Mining: Concepts and Techniques},
	author={Han, J. and Kamber, M. and Pei, J.},
	isbn={9780123814807},
	lccn={2011010635},
	series={The Morgan Kaufmann Series in Data Management Systems},
	url={https://books.google.de/books?id=pQws07tdpjoC},
	year={2011},
	publisher={Morgan Kaufmann}
}

@book{book_popescu_netlat,
	title={Characterizing the impact of network latency on cloud-based applications’ performance}, 
	url={https://www.repository.cam.ac.uk/handle/1810/270654},
	DOI={10.17863/CAM.17588},
	institution={Computer Laboratory technical reports},
	author={Popescu, DA and Zilberman, Noa and Moore, Andrew},
	year={2017}, 
	keywords={Application Performance, Data Centres, Network Latency, Network Measurement}
}

% --- INCOLLECTION ---


% --- INPROCEEDINGS ---

@inproceedings{paper_cooper_ycsb,
    author = "Cooper, Brian F. and Silberstein, Adam and Tam, Erwin and Ramakrishnan, Raghu and Sears, Russell",
    title = "Benchmarking Cloud Serving Systems with YCSB",
    booktitle = "Proceedings of the 1st ACM Symposium on Cloud Computing", 
    pages = "143--154",
    month = MISSING,
    year = 2010,
    publisher = "Association for Computing Machinery",
    address = "New York, NY, USA",
    series = "SoCC '10",
    venue = "Indianapolis, Indiana, USA",
    numpages = "12",
    url = "https://doi.org/10.1145/1807128.1807152",
    doi = "10.1145/1807128.1807152",
    pubstate = MISSING
}

@inproceedings{paper_folkerts_benchmarking,
	title={Benchmarking in the cloud: What it should, can, and cannot be},
	author={Folkerts, Enno and Alexandrov, Alexander and Sachs, Kai and Iosup, Alexandru and Markl, Volker and Tosun, Cafer},
	booktitle={Selected Topics in Performance Evaluation and Benchmarking: 4th TPC Technology Conference, TPCTC 2012, Istanbul, Turkey, August 27, 2012, Revised Selected Papers 4},
	pages={173--188},
	year={2013},
	organization={Springer}
}

@inproceedings{paper_binnig_weather,
	title={How is the weather tomorrow? Towards a benchmark for the cloud},
	author={Binnig, C. and Kossmann, D. and Kraska, T. and Loesing, S.},
	booktitle={Proceedings of the Second International Workshop on Testing Database Systems},
	pages={1--6},
	year={2009}
}

@inproceedings{paper_schirmer_night_shift,
	author = {Schirmer, Trever and Japke, Nils and Greten, Sofia and Pfandzelter, Tobias and Bermbach, David},
	title = {The Night Shift: Understanding Performance Variability of Cloud Serverless Platforms},
	year = {2023},
	isbn = {9798400701856},
	publisher = {Association for Computing Machinery},
	address = {New York, NY, USA},
	url = {https://doi.org/10.1145/3592533.3592808},
	doi = {10.1145/3592533.3592808},
	booktitle = {Proceedings of the 1st Workshop on Serverless Systems, Applications and Methodologies},
	pages = {27–33},
	numpages = {7},
	keywords = {serverless computing, function as a service, performance variation, resource contention},
	location = {Rome, Italy},
	series = {SESAME '23}
}

@inproceedings{paper_iosup_performance,
	title={On the performance variability of production cloud services},
	author={Iosup, Alexandru and Yigitbasi, Nezih and Epema, Dick},
	booktitle={2011 11th IEEE/ACM International Symposium on Cluster, Cloud and Grid Computing},
	pages={104--113},
	year={2011},
	organization={IEEE}
}

@inproceedings {paper_brooker_lambda,
	author = {Marc Brooker and Mike Danilov and Chris Greenwood and Phil Piwonka},
	title = {On-demand Container Loading in {AWS} Lambda},
	booktitle = {2023 USENIX Annual Technical Conference (USENIX ATC 23)},
	year = {2023},
	isbn = {978-1-939133-35-9},
	address = {Boston, MA},
	pages = {315--328},
	url = {https://www.usenix.org/conference/atc23/presentation/brooker},
	publisher = {USENIX Association},
	month = jul
}

@inproceedings {paper_agache_firecracker,
	author = {Alexandru Agache and Marc Brooker and Alexandra Iordache and Anthony Liguori and Rolf Neugebauer and Phil Piwonka and Diana-Maria Popa},
	title = {Firecracker: Lightweight Virtualization for Serverless Applications },
	booktitle = {17th USENIX Symposium on Networked Systems Design and Implementation (NSDI 20)},
	year = {2020},
	isbn = {978-1-939133-13-7},
	address = {Santa Clara, CA},
	pages = {419--434},
	url = {https://www.usenix.org/conference/nsdi20/presentation/agache},
	publisher = {USENIX Association},
	month = feb
}

@inproceedings{paper_ginzburg_lambda_var,
	author = {Ginzburg, Samuel and Freedman, Michael J.},
	title = {Serverless Isn't Server-Less: Measuring and Exploiting Resource Variability on Cloud FaaS Platforms},
	year = {2021},
	isbn = {9781450382045},
	publisher = {Association for Computing Machinery},
	address = {New York, NY, USA},
	url = {https://doi.org/10.1145/3429880.3430099},
	doi = {10.1145/3429880.3430099},
	pages = {43–48},
	numpages = {6},
	location = {Delft, Netherlands},
	series = {WoSC '20}
}

@inproceedings{paper_lambion_lambda_var,
	author = {Lambion, Danielle and Schmitz, Robert and Cordingly, Robert and Heydari, Navid and Lloyd, Wes},
	title = {Characterizing X86 and ARM Serverless Performance Variation: A Natural Language Processing Case Study},
	year = {2022},
	isbn = {9781450391597},
	publisher = {Association for Computing Machinery},
	address = {New York, NY, USA},
	url = {https://doi.org/10.1145/3491204.3543506},
	doi = {10.1145/3491204.3543506},
	pages = {69–75},
	numpages = {7},
	keywords = {function-as-a-service, performance variation, resource contention, serverless computing, topic modeling},
	location = {Bejing, China},
	series = {ICPE '22}
}

@inproceedings {paper_wang_faas_bts,
	author = {Liang Wang and Mengyuan Li and Yinqian Zhang and Thomas Ristenpart and Michael Swift},
	title = {Peeking Behind the Curtains of Serverless Platforms},
	booktitle = {2018 USENIX Annual Technical Conference (USENIX ATC 18)},
	year = {2018},
	isbn = {ISBN 978-1-939133-01-4},
	address = {Boston, MA},
	pages = {133--146},
	url = {https://www.usenix.org/conference/atc18/presentation/wang-liang},
	publisher = {USENIX Association},
	month = jul
}

@inproceedings{paper_villamizar_lambdaXec2,
	author={Villamizar, Mario and Garcés, Oscar and Ochoa, Lina and Castro, Harold and Salamanca, Lorena and Verano, Mauricio and Casallas, Rubby and Gil, Santiago and Valencia, Carlos and Zambrano, Angee and Lang, Mery},
	booktitle={2016 16th IEEE/ACM International Symposium on Cluster, Cloud and Grid Computing (CCGrid)}, 
	title={Infrastructure Cost Comparison of Running Web Applications in the Cloud Using AWS Lambda and Monolithic and Microservice Architectures}, 
	year={2016},
	volume={},
	number={},
	pages={179-182},
	doi={10.1109/CCGrid.2016.37}
}

@inproceedings {paper_klimovic_lambdaXs3,
	author = {Ana Klimovic and Yawen Wang and Christos Kozyrakis and Patrick Stuedi and Jonas Pfefferle and Animesh Trivedi},
	title = {Understanding Ephemeral Storage for Serverless Analytics},
	booktitle = {2018 USENIX Annual Technical Conference (USENIX ATC 18)},
	year = {2018},
	isbn = {978-1-939133-01-4},
	address = {Boston, MA},
	pages = {789--794},
	url = {https://www.usenix.org/conference/atc18/presentation/klimovic-serverless},
	publisher = {USENIX Association},
	month = jul
}

@inproceedings{paper_palepu_lambdaXs3ddb,
	author = {Palepu, Surya Chaitanya and Chahal, Dheeraj and Ramesh, Manju and Singhal, Rekha},
	title = {Benchmarking the Data Layer Across Serverless Platforms},
	year = {2022},
	isbn = {9781450393119},
	publisher = {Association for Computing Machinery},
	address = {New York, NY, USA},
	url = {https://doi.org/10.1145/3526060.3535460},
	doi = {10.1145/3526060.3535460},
	booktitle = {Proceedings of the 2nd Workshop on High Performance Serverless Computing},
	pages = {3–7},
	numpages = {5},
	keywords = {benchmarking, cloud-storage, data-transfer, serverless},
	location = {Minneapolis, MN, USA},
	series = {HiPS '22}
}

@inproceedings{paper_albu_lambdaec2,
	title={Function-as-a-service x platform-as-a-service: Towards a comparative study on FaaS and PaaS},
	author={Albuquerque Jr, Lucas F and Ferraz, Felipe Silva and Oliveira, RFAP and Galdino, S},
	booktitle={ICSEA},
	pages={206--212},
	year={2017}
}

% --- MASTERSTHESIS ---

% --- ONLINE ---

@online{repo_firecracker,
	author = {Firecracker},
	title = {Firecracker: Secure and fast microVMs for serverless computing},
	url = "https://github.com/firecracker-microvm/firecracker/blob/main/docs/network-performance.md",
	month = nov,
	year = 2024,
	note = {Accessed: Dec. 1, 2024}
}

@online{web_aws_lambda_security,
	author = "Thakkar, Mayank and Brooker, Marc and AWS Lambda Security Team",
	organization = "Amazon Web Services",
	title = "Security Overview of AWS Lambda",
	url = "https://docs.aws.amazon.com/whitepapers/latest/security-overview-aws-lambda/",
	month = dec,
	year = 2022,
	note = {Accessed: Dec. 1, 2024}
}

@online{web_richter_cloud_market,
	author = "Richter, Felix",
	organization = "Statista",
	title = "Worldwide Market Share of Leading Cloud Infrastructure Service Providers",
	url = "https://www.statista.com/chart/18819/",
	month = nov,
	year = 2024,
	note = {Accessed: Dec. 1, 2024}
}


% --- PHDTHESIS ---

% --- TECHREPORT ---

% --- UNPUBLISHED ---

% ----------------------
% --- UNUSED ENTRIES ---
% ----------------------

% --- ARTICLE ---

% --- BOOK ---

% --- INCOLLECTION ---

% --- INPROCEEDINGS ---

@inproceedings{paper_zilberman_netlat,
	author="Zilberman, Noa and Grosvenor, Matthew and Popescu, Diana Andreea and Manihatty-Bojan, Neelakandan and Antichi, Gianni and W{\'o}jcik, Marcin and Moore, Andrew W.",
	editor="Kaafar, Mohamed Ali and Uhlig, Steve and Amann, Johanna",
	title="Where Has My Time Gone?",
	booktitle="Passive and Active Measurement",
	year="2017",
	publisher="Springer International Publishing",
	address="Cham",
	pages="201--214",
	isbn="978-3-319-54328-4"
}

% --- MASTERSTHESIS ---

% --- ONLINE ---

% --- PHDTHESIS ---

% --- TECHREPORT ---

% --- UNPUBLISHED ---

